% This file was created with JabRef 2.9b2.
% Encoding: ISO8859_1

% Example
@article{baarslag2015learning,
  title     = {Learning about the opponent in automated bilateral negotiation: a comprehensive survey of opponent modeling techniques},
  author    = {Baarslag, Tim and Hendrikx, Mark JC and Hindriks, Koen V and Jonker, Catholijn M},
  journal   = {Autonomous Agents and Multi-Agent Systems},
  pages     = {1--50},
  year      = {2015},
  publisher = {Springer}
}

% TU Delft OpenCourseWare
@online{tudelftopencourseware,
  title   = {Mathematical Modeling Basics: 2.3 Calculation (with Python)},
  author  = {{TU Delft OpenCourseWare}},
  url     = {https://ocw.tudelft.nl/course-lectures/2-3-calculation-python},
  urldate = {2024-12-15},
  year    = {2017}
}